% Complete bibliography for CAM-F Report in BibLaTeX format

@online{businessresearch2025,
  author = {{The Business Research Company}},
  title = {Film And Video Global Market Report 2025},
  year = {2025},
  url = {https://www.thebusinessresearchcompany.com/report/film-and-video-global-market-report},
  urldate = {2025-01-04}
}

@online{filmustage2024,
  author = {{Filmustage}},
  title = {UK Film Industry - Production, Distribution, Exhibition},
  year = {2024},
  url = {https://filmustage.com/blog/uk-film-industry/},
  urldate = {2025-01-04}
}

@online{wipo2025,
  author = {{World Intellectual Property Organization}},
  title = {Film Industry Valuation and Copyright Management},
  year = {2025},
  url = {https://www.wipo.int/copyright/en/creative_industries/film.html},
  urldate = {2025-01-04}
}

@online{tsirtsakis2025,
  author = {Tsirtsakis, P.},
  title = {The Continuity Supervisor: A Guide to Effective Film Production},
  year = {2025},
  url = {https://www.studiobinder.com/blog/what-is-a-script-supervisor/},
  urldate = {2025-01-04}
}

@book{miller1999,
  author = {Miller, Pat},
  title = {Script Supervising and Film Continuity},
  year = {1999},
  edition = {3rd},
  publisher = {Focal Press},
  address = {Burlington, MA}
}

@inproceedings{pickup2009,
  author = {Pickup, David and Li, Sun and Cosker, Darren and Hall, Peter and Willis, Phil},
  title = {Reconstructing Mass-Produced Toys Using Unsynchronized Images},
  booktitle = {2009 Conference for Visual Media Production},
  year = {2009},
  pages = {31--40},
  publisher = {IEEE}
}

@online{screenskills2024,
  author = {{ScreenSkills}},
  title = {Script Supervisor Job Profile},
  year = {2024},
  url = {https://www.screenskills.com/job-profiles/browse/film-and-tv-drama-production/production/script-supervisor/},
  urldate = {2025-01-05}
}

@online{backstage2023,
  author = {{Backstage}},
  title = {Script Supervisor Job Description and Responsibilities},
  year = {2023},
  url = {https://www.backstage.com/magazine/article/script-supervisor-job-description-68156/},
  urldate = {2025-01-05}
}

@book{miller1990,
  author = {Miller, Pat},
  title = {Script Supervising and Film Continuity},
  year = {1990},
  edition = {2nd},
  publisher = {Focal Press},
  address = {Boston}
}

@online{vanityfair2023,
  author = {{Vanity Fair}},
  title = {Biggest Continuity Errors in Movie History},
  year = {2023},
  url = {https://www.youtube.com/watch?v=YTgMlCX8PqE},
  urldate = {2025-01-05}
}

@book{warm2008,
  author = {Warm, Joel S. and Parasuraman, Raja and Matthews, Gerald},
  title = {Vigilance requires hard mental work and is stressful},
  journal = {Human Factors},
  year = {2008},
  volume = {50},
  number = {3},
  pages = {433--441}
}

@article{see1997,
  author = {See, J. E. and Howe, S. R. and Warm, J. S. and Dember, W. N.},
  title = {Meta-analysis of the sensitivity decrement in vigilance},
  journal = {Psychological Bulletin},
  year = {1997},
  volume = {123},
  number = {2},
  pages = {230--238}
}

@article{grier2003,
  author = {Grier, R. and Warm, J. S. and Dember, W. N. and Matthews, G. and Galinsky, T. L. and Szalma, J. L. and Parasuraman, R.},
  title = {The vigilance decrement reflects limitations in effortful attention, not mindlessness},
  journal = {Human Factors},
  year = {2003},
  volume = {45},
  number = {3},
  pages = {349--359}
}

@book{wickens2015,
  author = {Wickens, C. D. and Hollands, J. G. and Banbury, S. and Parasuraman, R.},
  title = {Engineering Psychology and Human Performance},
  year = {2015},
  edition = {4th},
  publisher = {Psychology Press},
  address = {New York}
}

@online{kreativalchemy2024,
  author = {{Kreativ Alchemy}},
  title = {What is a Continuity Log Sheet?},
  year = {2024},
  url = {https://www.kreativalchemy.com/blog/what-is-a-continuity-log-sheet},
  urldate = {2025-01-05}
}

@online{scriptation2025,
  author = {{Scriptation}},
  title = {Digital Script Supervision Solutions},
  year = {2025},
  url = {https://scriptation.com/},
  urldate = {2025-01-05}
}

@online{scriptesystems2024,
  author = {{ScriptE Systems}},
  title = {Script Supervisor Software},
  year = {2024},
  url = {https://scriptesystems.com/},
  urldate = {2025-01-05}
}

@online{mskemosabi2013,
  author = {{MsKemosabi}},
  title = {Full Continuity Photos on Set},
  year = {2013},
  url = {https://www.youtube.com/watch?v=3o0RhP3vxXs},
  urldate = {2025-01-05}
}

@online{premiumbeat2023,
  author = {{PremiumBeat}},
  title = {13 Tips for Maintaining Continuity When Shooting a Film},
  year = {2023},
  url = {https://blog.premiumbeat.com/13-tips-for-maintaining-continuity-when-shooting-a-film/},
  urldate = {2025-01-05}
}

@misc{ultralytics2024,
  author = {{Ultralytics}},
  title = {YOLOv11: State-of-the-Art Object Detection},
  year = {2024},
  url = {https://github.com/ultralytics/ultralytics},
  urldate = {2024-11-20}
}

@misc{khanam2024,
  author = {Khanam, Tehreem and Deshpande, Divya and Schmerl, Bradley and Garlan, David and Daggubati, Narasimha},
  title = {YOLOv10 to Its Genesis: A Decadal and Comprehensive Review of The You Only Look Once Series},
  year = {2024},
  howpublished = {arXiv preprint arXiv:2406.19407}
}

@inproceedings{lv2023,
  author = {Lv, Wenyu and Xu, Shangliang and Zhao, Yue and Wang, Gengzhou and Wei, Jinman and Cui, Cheng and Du, Yuning and Dang, Qingqing and Liu, Yi},
  title = {DETRs Beat YOLOs on Real-time Object Detection},
  booktitle = {CVPR},
  year = {2023}
}

@inproceedings{carion2020,
  author = {Carion, Nicolas and Massa, Francisco and Synnaeve, Gabriel and Usunier, Nicolas and Kirillov, Alexander and Zagoruyko, Sergey},
  title = {End-to-End Object Detection with Transformers},
  booktitle = {ECCV},
  year = {2020},
  pages = {213--229}
}

@inproceedings{tan2020,
  author = {Tan, Mingxing and Pang, Ruoming and Le, Quoc V.},
  title = {EfficientDet: Scalable and Efficient Object Detection},
  booktitle = {CVPR},
  year = {2020}
}

@article{zhang2023,
  author = {Zhang, Hao and Li, Feng and Liu, Shilong and Zhang, Lei and Su, Hang and Zhu, Jun and Ni, Lionel M. and Shum, Heung-Yeung},
  title = {DINO: DETR with Improved DeNoising Anchor Boxes for End-to-End Object Detection},
  journal = {ICLR},
  year = {2023}
}

@inproceedings{ma2024,
  author = {Ma, Jun and He, Yiting and Li, Fei and Han, Lin and You, Chenyang and Wang, Bo},
  title = {Segment Anything in Medical Images},
  booktitle = {Nature Communications},
  year = {2024},
  volume = {15},
  number = {1},
  pages = {654}
}

@article{kuang2021,
  author = {Kuang, Zhanghui and Sun, Hongbo and Li, Zhihai and Yue, Xiaoyu and Lin, Tsui Hin and Chen, Jianguo and Wei, Huaqiang and Zhu, Yongjian and Gao, Tong and Zhang, Wenxiu and Chen, Kai and Zhang, Wayne and Lin, Dahua},
  title = {MMOCR: A comprehensive toolbox for text detection, recognition and understanding},
  journal = {arXiv preprint arXiv:2108.06543},
  year = {2021}
}

@online{wang2025,
  author = {Wang, J and Chen, H and Li, S},
  title = {Computer Vision Challenges in Film Production},
  year = {2025},
  url = {https://www.cv-research.org/film-cv},
  urldate = {2025-01-15}
}

@inproceedings{liu2018,
  author = {Liu, Wei and Anguelov, Dragomir and Erhan, Dumitru and Szegedy, Christian and Reed, Scott and Fu, Cheng-Yang and Berg, Alexander C.},
  title = {SSD: Single Shot MultiBox Detector},
  booktitle = {ECCV},
  year = {2016},
  pages = {21--37}
}

@article{roth2022,
  author = {Roth, Holger R. and others},
  title = {Rapid artificial intelligence solutions in a pandemic — The COVID-19-20 Lung CT Lesion Segmentation Challenge},
  journal = {Medical Image Analysis},
  year = {2022},
  volume = {82},
  pages = {102605}
}


@inproceedings{czimmermann2020,
  author = {Zimmermann, Christian and others},
  title = {FreiHAND: A Dataset for Markerless Capture of Hand Pose and Shape from Single RGB Images},
  booktitle = {ICCV},
  year = {2019}
}

@inproceedings{shi2020,
  author = {Shi, Zheng and Zou, Zhengxia},
  title = {Can a Machine Generate Humanlike Language Descriptions for a Remote Sensing Image?},
  booktitle = {IEEE TGRS},
  year = {2020}
}

@article{wang2004,
  author = {Wang, Y. F. and Loe, K. F. and Wu, J. K.},
  title = {A dynamic conditional random field model for foreground and shadow segmentation},
  journal = {IEEE TPAMI},
  year = {2004},
  volume = {28},
  number = {2},
  pages = {279--289}
}

@inproceedings{rossler2019,
  author = {Rössler, Andreas and Cozzolino, Davide and Verdoliva, Luisa and Riess, Christian and Thies, Justus and Nießner, Matthias},
  title = {FaceForensics++: Learning to Detect Manipulated Facial Images},
  booktitle = {ICCV},
  year = {2019}
}

@inproceedings{schmidt2021,
  author = {Schmidt, Florian and others},
  title = {Neural Data-Dependent Transform for Learned Image Compression},
  booktitle = {CVPR},
  year = {2022}
}

@article{farid2016,
  author = {Farid, Hany},
  title = {Photo Forensics},
  journal = {MIT Press},
  year = {2016}
}

@inproceedings{cioppa2022,
  author = {Cioppa, Anthony and Deliège, Adrien and Giancola, Silvio and Ghanem, Bernard and Van Droogenbroeck, Marc and Gade, Rikke and Moeslund, Thomas B.},
  title = {Camera Calibration and Player Localization in SoccerNet-v2 and Investigation of Their Representations for Action Spotting},
  booktitle = {CVPRW},
  year = {2021}
}

@misc{hauri2022,
  author = {Hauri, S. and Djuric, N. and Radosavljevic, V. and Vucevic, S.},
  title = {Multi-Modal Trajectory Prediction of NBA Players},
  year = {2021},
  howpublished = {arXiv preprint arXiv:2008.07870}
}

@online{waymo2020,
  author = {{Waymo}},
  title = {Waymo Open Dataset: An autonomous driving dataset},
  year = {2020},
  url = {https://waymo.com/open/},
  urldate = {2025-01-05}
}

@article{sun2020,
  author = {Sun, Peize and Cao, Jinkun and Jiang, Yi and Yuan, Zehuan and Bai, Song and Kitani, Kris and Luo, Ping},
  title = {DanceTrack: Multi-Object Tracking in Uniform Appearance and Diverse Motion},
  journal = {CVPR},
  year = {2022}
}

@book{film-production-handbook,
  author = {Honthaner, Eve Light},
  title = {The Complete Film Production Handbook},
  year = {2010},
  edition = {4th},
  publisher = {Focal Press},
  address = {Burlington, MA}
}

@inproceedings{yang2020towards,
  author = {Yang, Rui and Ma, Lin and Zhang, Yuxin},
  title = {Towards Photo-Realistic Virtual Humans: Multimodal Neural Radiance Fields},
  booktitle = {CVPR},
  year = {2020}
}

@misc{yang2024,
  author = {Yang, Lingxi and Song, Yuanyuan and Ren, Xin and Lyu, Xincheng and Wang, Yingqing and Liu, Xinlong and Yang, Xiaolong and Wang, Dinggang and Wang, Xiang},
  title = {HairCLIPv2: Unifying Hair Editing via Proxy Feature Blending},
  year = {2023},
  howpublished = {arXiv preprint arXiv:2310.05872}
}

@article{du2020pp,
  author = {Du, Yuning and Chen, Chenxia and Li, Bihan and Liu, Li and Wu, Yong},
  title = {PP-OCR: A Practical Ultra Lightweight OCR System},
  journal = {arXiv preprint arXiv:2009.09941},
  year = {2020}
}

@inproceedings{sachdeva2023change,
  author = {Sachdeva, Ragav and Zhu, Hongyu and Ng, Andrew Y.},
  title = {A2Net: Attention in Attention Networks for Image Change Detection},
  booktitle = {AAAI},
  year = {2023}
}

@article{ruiz2018learning,
  author = {Ruiz, Nataniel and Chong, Eunji and Rehg, James M.},
  title = {Fine-Grained Head Pose Estimation Without Keypoints},
  journal = {CVPRW},
  year = {2018}
}

@inproceedings{agarwal2020spot,
  author = {Agarwal, Shashank and Farid, Hany and Gu, Yuming and He, Mingming and Nagano, Koki and Li, Hao},
  title = {Protecting World Leaders Against Deep Fakes},
  booktitle = {CVPRW},
  year = {2019}
}

@inproceedings{gupta2016synthetic,
  author = {Gupta, Ankush and Vedaldi, Andrea and Zisserman, Andrew},
  title = {Synthetic Data for Text Localisation in Natural Images},
  booktitle = {CVPR},
  year = {2016}
}

@inproceedings{park2021spot,
  author = {Park, Taesung and Liu, Ming-Yu and Wang, Ting-Chun and Zhu, Jun-Yan},
  title = {GauGAN: Semantic Image Synthesis with Spatially Adaptive Normalization},
  booktitle = {SIGGRAPH},
  year = {2019}
}

@misc{sachdeva2022,
  author = {Sachdeva, Ragav and Cordina, William and Shum, Andrew},
  title = {Exploring Change Detection with Co-Attention Networks},
  year = {2022},
  howpublished = {arXiv preprint arXiv:2201.09048}
}

@article{haldorai2022,
  author = {Haldorai, Anandakumar and Ramu, Arulmurugan},
  title = {Security and channel noise management in cognitive radio networks},
  journal = {Computers & Electrical Engineering},
  year = {2018},
  volume = {87},
  pages = {106784}
}

@inproceedings{shang2018,
  author = {Shang, Changhong and Li, Ming and Feng, Shibo and Jiang, Qiushi and Fan, Jianping},
  title = {Feature Selection via Maximizing Global Information Gain for Text Classification},
  booktitle = {Knowledge-Based Systems},
  year = {2013},
  volume = {54},
  pages = {298--309}
}