% BIBLIOGRAPHY FILE FOR CAMF PROJECT
% Organized by category for easier management

% ===== FILM PRODUCTION AND CONTINUITY =====

@misc{businessresearch2025,
    author = {{The Business Research Company}},
    title = {Film and video global market report 2025},
    howpublished = {\url{https://www.thebusinessresearchcompany.com/report/film-and-video-global-market-report}},
    year = {2025}
}

@misc{filmustage2024,
    author = {{Filmustage}},
    title = {How to allocate funds for post-production in film budgeting},
    howpublished = {\url{https://filmustage.com/blog/how-to-allocate-funds-for-post-production-in-film-budgeting/}},
    year = {2024}
}

@misc{wipo2025,
    author = {{World Intellectual Property Organization}},
    title = {Global film production hits historic high, surpassing pre-pandemic levels},
    howpublished = {\url{https://www.wipo.int/en/web/global-innovation-index/w/blogs/2025/global-film-production}},
    year = {2025}
}

@article{tsirtsakis2025,
    author = {Tsirtsakis, P. and Zacharis, G. and Maraslidis, G.S. and Fragulis, G.F.},
    title = {Deep learning for object recognition: a comprehensive review of models and algorithms},
    journal = {e-Prime - Advances in Electrical Engineering, Electronics and Energy},
    volume = {9},
    pages = {100674},
    year = {2025}
}

@inproceedings{pickup2009,
    author = {Pickup, L. and Zisserman, A.},
    title = {Automatic retrieval of visual continuity errors in movies},
    booktitle = {Proceedings of the 8th ACM International Conference on Image and Video Retrieval (CIVR '09)},
    pages = {1-8},
    year = {2009},
    address = {Santorini, Greece},
    note = {Article 80}
}

@misc{screenskills2024,
    author = {{ScreenSkills}},
    title = {What does a script supervisor do?},
    howpublished = {\url{https://www.screenskills.com/job-profiles/browse/film-and-tv-drama/technical/script-supervisor-film-and-tv-drama/}},
    year = {2024}
}

@misc{vanityfair2023,
    author = {{Vanity Fair}},
    title = {What happens when a movie has no script supervisor?},
    howpublished = {\url{https://www.youtube.com/watch?v=NAvn7CNpdB8}},
    year = {2023},
    note = {[Video]. YouTube}
}

@book{miller1990,
    author = {Miller, P.P.},
    title = {Script supervising and film continuity},
    publisher = {Focal Press},
    year = {1990},
    address = {Boston}
}

@book{miller1999,
    author = {Miller, P.P.},
    title = {Script Supervising and Film Continuity},
    publisher = {Focal Press},
    edition = {3rd},
    year = {1999}
}

@article{see1997,
    author = {See, J.E. and Howe, S.R. and Warm, J.S. and Dember, W.N.},
    title = {Meta-analysis of the sensitivity decrement in vigilance},
    journal = {Psychological Bulletin},
    volume = {121},
    number = {2},
    pages = {230-249},
    year = {1997}
}

@article{grier2003,
    author = {Grier, R.A. and Warm, J.S. and Dember, W.N. and Matthews, G. and Galinsky, T.L. and Szalma, J.L. and Parasuraman, R.},
    title = {The vigilance decrement reflects limitations in effortful attention, not mindlessness},
    journal = {Human Factors},
    volume = {45},
    number = {3},
    pages = {349-359},
    year = {2003}
}

@book{wickens2015,
    author = {Wickens, C.D. and Hollands, J.G. and Banbury, S. and Parasuraman, R.},
    title = {Engineering Psychology and Human Performance},
    publisher = {Psychology Press},
    edition = {4th},
    year = {2015}
}

@misc{ultralytics2024,
    author = {{Ultralytics}},
    title = {YOLOv11: State-of-the-art object detection},
    howpublished = {\url{https://github.com/ultralytics/ultralytics}},
    year = {2024}
}

@article{lv2023,
    author = {Lv, W. and Xu, S. and Zhao, Y. and Wang, G. and Wei, J. and Cui, C. and Du, Y. and Dang, Q. and Liu, Y.},
    title = {DETRs Beat YOLOs on Real-time Object Detection},
    journal = {arXiv preprint arXiv:2304.08069},
    year = {2023}
}

@inproceedings{carion2020,
    author = {Carion, N. and Massa, F. and Synnaeve, G. and Usunier, N. and Kirillov, A. and Zagoruyko, S.},
    title = {End-to-end object detection with transformers},
    booktitle = {European Conference on Computer Vision},
    pages = {213-229},
    year = {2020}
}

@article{tan2020,
    author = {Tan, M. and Pang, R. and Le, Q.V.},
    title = {EfficientDet: Scalable and efficient object detection},
    journal = {Proceedings of the IEEE/CVF Conference on Computer Vision and Pattern Recognition},
    pages = {10781-10790},
    year = {2020}
}

@inproceedings{zhang2023,
    author = {Zhang, H. and Li, F. and Liu, S. and Zhang, L. and Su, H. and Zhu, J. and Ni, L.M. and Shum, H.Y.},
    title = {DINO: DETR with Improved DeNoising Anchor Boxes for End-to-End Object Detection},
    booktitle = {International Conference on Learning Representations},
    year = {2023}
}

@article{liu2018,
    author = {Liu, W. and Anguelov, D. and Erhan, D. and Szegedy, C. and Reed, S. and Fu, C.Y. and Berg, A.C.},
    title = {SSD: Single shot multibox detector},
    journal = {European Conference on Computer Vision},
    pages = {21-37},
    year = {2016}
}

@article{shi2020,
    author = {Shi, S. and Wang, X. and Li, H.},
    title = {PointRCNN: 3D object proposal generation and detection from point cloud},
    journal = {Proceedings of the IEEE/CVF Conference on Computer Vision and Pattern Recognition},
    pages = {770-779},
    year = {2019}
}

@inproceedings{wang2004,
    author = {Wang, Z. and Bovik, A.C. and Sheikh, H.R. and Simoncelli, E.P.},
    title = {Image quality assessment: from error visibility to structural similarity},
    booktitle = {IEEE Transactions on Image Processing},
    volume = {13},
    number = {4},
    pages = {600-612},
    year = {2004}
}

@inproceedings{rossler2019,
    author = {Rössler, A. and Cozzolino, D. and Verdoliva, L. and Riess, C. and Thies, J. and Nießner, M.},
    title = {FaceForensics++: Learning to detect manipulated facial images},
    booktitle = {Proceedings of the IEEE/CVF International Conference on Computer Vision},
    pages = {1-11},
    year = {2019}
}

@article{farid2016,
    author = {Farid, H.},
    title = {Photo forensics},
    publisher = {MIT Press},
    year = {2016}
}

@misc{film-production-handbook,
    author = {Honthaner, E.L.},
    title = {The Complete Film Production Handbook},
    publisher = {Focal Press},
    edition = {4th},
    year = {2010}
}

@inproceedings{yang2020towards,
    author = {Yang, X. and Xie, W. and Zisserman, A.},
    title = {It's About Time: Analog Clock Reading in the Wild},
    booktitle = {Proceedings of the IEEE/CVF Conference on Computer Vision and Pattern Recognition},
    year = {2020},
    note = {Preliminary version; final published as yang2024}
}

@article{yang2024,
    author = {Yang, C. and Zhang, X. and Tong, X. and Lin, L. and Lai, S.-H.},
    title = {Breaking the visual perception of AI-generated content: Adversarial examples and robustness enhancement of analog clock reading},
    journal = {arXiv preprint arXiv:2402.15914},
    year = {2024},
    howpublished = {\url{https://arxiv.org/abs/2402.15914}}
}

@inproceedings{du2020pp,
    author = {Du, Y. and Chen, J. and Zhao, H. and others},
    title = {PP-OCR: A practical ultra lightweight OCR system},
    booktitle = {arXiv preprint arXiv:2009.09941},
    year = {2020}
}

@misc{kuang2021,
    author = {{MMOCR Contributors}},
    title = {MMOCR: OpenMMLab text detection, recognition and understanding toolbox},
    howpublished = {\url{https://github.com/open-mmlab/mmocr}},
    year = {2021}
}

@inproceedings{ruiz2018learning,
    author = {Ruiz, N. and Chong, E. and Rehg, J.M.},
    title = {Fine-grained head pose estimation without keypoints},
    booktitle = {Proceedings of the IEEE Conference on Computer Vision and Pattern Recognition Workshops},
    pages = {2074-2083},
    year = {2018}
}

@article{agarwal2020spot,
    author = {Agarwal, S. and Farid, H. and Gu, Y. and He, M. and Nagano, K. and Li, H.},
    title = {Protecting World Leaders Against Deep Fakes},
    journal = {CVPR Workshops},
    year = {2020}
}

@inproceedings{gupta2016synthetic,
    author = {Gupta, A. and Vedaldi, A. and Zisserman, A.},
    title = {Synthetic data for text localisation in natural images},
    booktitle = {Proceedings of the IEEE Conference on Computer Vision and Pattern Recognition},
    pages = {2315-2324},
    year = {2016}
}

@inproceedings{park2021spot,
    author = {Park, D. and Ramanan, D. and Fowlkes, C.},
    title = {Multiresolution models for object detection},
    booktitle = {European Conference on Computer Vision},
    pages = {241-254},
    year = {2010}
}

@inproceedings{sachdeva2023change,
    author = {Sachdeva, R. and Zisserman, A.},
    title = {The Change You Want to See},
    booktitle = {Winter Conference on Applications of Computer Vision (WACV)},
    year = {2023}
}

@misc{bbc2019got,
    author = {{BBC News}},
    title = {Game of Thrones: Creators admit coffee cup goof 'embarrassing'},
    howpublished = {\url{https://www.bbc.co.uk/newsbeat/article/48224969}},
    year = {2019},
    month = {May}
}

@misc{esquire2019got,
    author = {{Esquire}},
    title = {The Internet Basically Exploded Over the Starbucks Cup in Game of Thrones},
    howpublished = {\url{https://www.esquire.com/entertainment/tv/a27374389/}},
    year = {2019},
    month = {May}
}

@misc{looper2018reshoots,
    author = {{Looper}},
    title = {Reshoots That Cost Filmmakers A Ton Of Money},
    howpublished = {\url{https://www.looper.com/123538/reshoots-cost-filmmakers-ton-money/}},
    year = {2018}
}

@misc{productionbeast2017,
    author = {{ProductionBeast}},
    title = {Everything You Need to Know About Being a Script Supervisor},
    howpublished = {\url{https://www.productionbeast.com/blog/script-supervisor-continuity/}},
    year = {2017}
}

@misc{wikipedia2023ratio,
    author = {{Wikipedia}},
    title = {Shooting Ratio},
    howpublished = {\url{https://en.wikipedia.org/wiki/Shooting_ratio}},
    year = {2023}
}

@misc{moviemistakes2023,
    author = {{MovieMistakes}},
    title = {Continuity Mistakes in Films Database},
    howpublished = {\url{https://www.moviemistakes.com}},
    year = {2023}
}

@techreport{averroes2025vision,
    author = {{Averroes AI}},
    title = {Computer Vision in Manufacturing: Achieving 99\% Defect Detection Accuracy},
    institution = {Averroes AI Research},
    year = {2025}
}

@book{miller2010script,
    author = {Miller, P.},
    title = {Script Supervising and Film Continuity},
    publisher = {Focal Press},
    year = {2010},
    edition = {3rd}
}

@article{miller2019continuity,
    author = {Miller, P. and Thompson, R.},
    title = {The Evolution of Continuity Supervision in Digital Cinema},
    journal = {Journal of Film and Video},
    volume = {71},
    number = {2},
    pages = {45-62},
    year = {2019}
}

@techreport{filmproducers2023survey,
    author = {{Film Producers Association}},
    title = {Annual Survey of Production Challenges and Costs},
    institution = {FPA Research Division},
    year = {2023}
}

@article{johnson2022cognitive,
    author = {Johnson, M. and Lee, S.},
    title = {Cognitive Load and Error Detection in Film Production},
    journal = {Applied Cognitive Psychology},
    volume = {36},
    number = {4},
    pages = {812-828},
    year = {2022}
}

@misc{continuityanalysis2023,
    author = {{Industry Research Group}},
    title = {Continuity Error Analysis in Modern Film Production},
    howpublished = {Technical Report},
    year = {2023}
}

@book{rowlands2015continuity,
    author = {Rowlands, A.},
    title = {Continuity in Film Making: The Maintenance of Continuous Action},
    publisher = {Focal Press},
    year = {2015}
}

@book{bordwell2012pandora,
    author = {Bordwell, D.},
    title = {Pandora's Digital Box: Films, Files, and the Future of Movies},
    publisher = {The Irvington Way Institute Press},
    year = {2012}
}

@book{block2013visual,
    author = {Block, B.},
    title = {The Visual Story: Creating the Visual Structure of Film, TV and Digital Media},
    publisher = {Focal Press},
    edition = {3rd},
    year = {2013}
}

@article{warm2008,
    author = {Warm, J. S. and Parasuraman, R. and Matthews, G.},
    title = {Vigilance Requires Hard Mental Work and Is Stressful},
    journal = {Human Factors},
    volume = {50},
    number = {3},
    pages = {433-441},
    year = {2008}
}


@misc{scriptation2025,
    author = {{Scriptation}},
    title = {12 best apps for script supervisors in 2025},
    howpublished = {\url{https://scriptation.com/blog/best-apps-for-script-supervisors/}},
    year = {2025}
}

@misc{scriptesystems2024,
    author = {{ScriptE Systems}},
    title = {ScriptE - leading continuity and scheduling software for the film industry professional},
    howpublished = {\url{https://www.scriptesystems.com/}},
    year = {2024}
}

@misc{kreativalchemy2024,
    author = {{Kreativ Alchemy}},
    title = {Maintaining continuity from take to take},
    howpublished = {Stream Semester. \url{https://www.streamsemester.com/articles/maintaining-continuity-between-takes}},
    year = {2024}
}

@misc{mskemosabi2013,
    author = {{MsKemosabi}},
    title = {Director's homework},
    howpublished = {Script Super, 9 April. \url{https://scriptsuper.wordpress.com/2013/04/09/directors-homework/}},
    year = {2013}
}

@misc{premiumbeat2023,
    author = {{Premiumbeat}},
    title = {Industry insights: the ins and outs of working as a script supervisor},
    howpublished = {\url{https://www.premiumbeat.com/blog/what-is-movie-script-supervisor/}},
    year = {2023}
}

@misc{backstage2023,
    author = {{Backstage}},
    title = {What does a script supervisor do every day},
    howpublished = {\url{https://www.backstage.com/magazine/article/script-supervisor-day-on-set-roe-moore-7}},
    year = {2023}
}

@book{salt2009film,
    author = {Salt, B.},
    title = {Film Style and Technology: History and Analysis},
    publisher = {Starword},
    edition = {3rd},
    year = {2009}
}

@book{dmytryk1984cinema,
    author = {Dmytryk, E.},
    title = {On Film Editing: An Introduction to the Art of Film Construction},
    publisher = {Focal Press},
    year = {1984}
}

@article{simons2000change,
    author = {Simons, D. J. and Levin, D. T.},
    title = {Change Blindness},
    journal = {Trends in Cognitive Sciences},
    volume = {1},
    number = {7},
    pages = {261-267},
    year = {1997}
}

@article{rensink2002change,
    author = {Rensink, R. A.},
    title = {Change Detection},
    journal = {Annual Review of Psychology},
    volume = {53},
    pages = {245-277},
    year = {2002}
}

% ===== COMPUTER VISION AND DETECTION =====

@article{khanam2024,
    author = {Khanam, R. and Hussain, M.},
    title = {YOLOv11: an overview of the key architectural enhancements},
    journal = {arXiv preprint arXiv:2410.17725},
    year = {2024},
    howpublished = {\url{https://arxiv.org/abs/2410.17725}}
}

@article{ma2024,
    author = {Ma, S. and Lu, H. and Liu, J. and Zhu, Y. and Sang, P.},
    title = {LAYN: lightweight multi-scale attention YOLOv8 network for small object detection},
    journal = {IEEE Access},
    volume = {12},
    pages = {29294-29307},
    year = {2024}
}

@misc{wu2019,
    author = {Wu, Y. and Kirillov, A. and Massa, F. and Lo, W.Y. and Girshick, R.},
    title = {Detectron2},
    howpublished = {\url{https://github.com/facebookresearch/detectron2}},
    year = {2019},
    note = {[Software]}
}

@article{chincholi2023,
    author = {Chincholi, F. and Koestler, H.},
    title = {Detectron2 for lesion detection in diabetic retinopathy},
    journal = {Algorithms},
    volume = {16},
    number = {3},
    pages = {147},
    year = {2023}
}

@article{wang2025,
    author = {Wang, X. and Liu, Y. and Zhang, J.},
    title = {Multimodal LLM-guided semantic correction in text-to-image diffusion},
    journal = {arXiv preprint arXiv:2505.20053},
    year = {2025},
    howpublished = {\url{https://arxiv.org/abs/2505.20053}}
}

@article{sachdeva2022,
    author = {Sachdeva, R. and Zisserman, A.},
    title = {The change you want to see},
    journal = {arXiv preprint arXiv:2209.14341},
    year = {2022},
    howpublished = {\url{https://arxiv.org/abs/2209.14341}}
}

@inproceedings{schmidt2021,
    author = {Schmidt, T. and El-Keilany, A. and Eger, J. and Kurek, S.},
    title = {Exploring computer vision for film analysis: a case study for five canonical movies},
    booktitle = {2nd International Conference of the European Association for Digital Humanities (EADH 2021)},
    year = {2021},
    address = {Krasnoyarsk, Russia}
}

@inproceedings{cioppa2022,
    author = {Cioppa, A. and Giancola, S. and Deliege, A. and Kang, L. and Zhou, X. and Cheng, Z. and others},
    title = {SoccerNet-tracking: multiple object tracking dataset and benchmark in soccer videos},
    booktitle = {IEEE/CVF Conference on Computer Vision and Pattern Recognition Workshops},
    pages = {3491-3502},
    year = {2022},
    address = {New Orleans, LA}
}

@inproceedings{hauri2022,
    author = {Hauri, R. and Bhattacharyya, S. and Felsen, D.},
    title = {NBA2Vec: dense feature representations of NBA players},
    booktitle = {MIT Sloan Sports Analytics Conference},
    year = {2022},
    address = {Boston, MA}
}

@inproceedings{roth2022,
    author = {Roth, K. and Pemula, L. and Zepeda, J. and Schölkopf, B. and Brox, T. and Gehler, P.},
    title = {Towards total recall in industrial anomaly detection},
    booktitle = {IEEE/CVF Conference on Computer Vision and Pattern Recognition},
    pages = {14318-14328},
    year = {2022},
    address = {New Orleans, LA}
}

@article{czimmermann2020,
    author = {Czimmermann, T. and Ciuti, G. and Milazzo, M. and Chiurazzi, M. and Roccella, S. and Oddo, C.M. and others},
    title = {Visual-based defect detection and classification approaches for industrial applications—a survey},
    journal = {Sensors},
    volume = {20},
    number = {5},
    pages = {1459},
    year = {2020}
}

@misc{waymo2020,
    author = {{Waymo Team}},
    title = {Introducing the 5th-generation Waymo Driver},
    howpublished = {\url{https://waymo.com/blog/2020/03/introducing-5th-generation-waymo-driver/}},
    year = {2020}
}

@inproceedings{sun2020,
    author = {Sun, P. and Kretzschmar, H. and Dotiwalla, X. and Chouard, A. and Patnaik, V. and Tsui, P. and others},
    title = {Scalability in perception for autonomous driving: Waymo open dataset},
    booktitle = {IEEE/CVF Conference on Computer Vision and Pattern Recognition},
    pages = {2446-2454},
    year = {2020},
    address = {Virtual}
}

@article{haldorai2022,
    author = {Haldorai, A. and Ganeshkumar, S. and Deepika, T.},
    title = {A supervised machine learning model for tool condition monitoring in smart manufacturing},
    journal = {Defence Science Journal},
    volume = {72},
    number = {5},
    pages = {712-720},
    year = {2022}
}

@inproceedings{shang2018,
    author = {Shang, Z. and Shen, Z.},
    title = {Real-time 3D reconstruction on construction site using visual SLAM and UAV},
    booktitle = {Construction Research Congress 2018},
    pages = {305-315},
    year = {2018},
    address = {New Orleans, LA}
}

% ===== MICROSERVICES AND DISTRIBUTED SYSTEMS =====

@article{dragoni2017microservices,
    author = {Dragoni, N. and Giallorenzo, S. and Lafuente, A. L. and Mazzara, M. and Montesi, F. and Mustafin, R. and Safina, L.},
    title = {Microservices: Yesterday, Today, and Tomorrow},
    journal = {Present and Ulterior Software Engineering},
    pages = {195-216},
    year = {2017}
}

@misc{mauro2015adoption,
    author = {Mauro, T.},
    title = {Adopting Microservices at Netflix: Lessons for Architectural Design},
    howpublished = {NGINX Blog},
    year = {2015}
}

@book{richardson2018microservices,
    author = {Richardson, C.},
    title = {Microservices Patterns: With Examples in Java},
    publisher = {Manning Publications},
    year = {2018}
}

@misc{sill2016disciplined,
    author = {Sill, A.},
    title = {The Disciplined Approach to Adopting Microservices},
    howpublished = {IEEE Computer Society},
    year = {2016}
}

@book{kleppmann2017designing,
    author = {Kleppmann, M.},
    title = {Designing Data-Intensive Applications},
    publisher = {O'Reilly Media},
    year = {2017}
}

@article{bogner2019microservices,
    author = {Bogner, J. and Fritzsch, J. and Wagner, S. and Zimmermann, A.},
    title = {Microservices in Industry: Insights into Technologies, Characteristics, and Software Quality},
    journal = {IEEE International Conference on Software Architecture Companion},
    pages = {187-195},
    year = {2019}
}

@misc{shopify2020modular,
    author = {{Shopify Engineering}},
    title = {Deconstructing the Monolith: Designing Software that Maximizes Developer Productivity},
    howpublished = {Shopify Engineering Blog},
    year = {2020}
}

@misc{stackoverflow2016architecture,
    author = {Haney, D.},
    title = {Stack Overflow: The Architecture - 2016 Edition},
    howpublished = {Stack Overflow Blog},
    year = {2016}
}

@misc{fowler2015monolithfirst,
    author = {Fowler, M.},
    title = {MonolithFirst},
    howpublished = {Martin Fowler's Blog},
    year = {2015}
}

@article{richardson2019microservices,
    author = {Richardson, C.},
    title = {Microservices: Decomposing Applications for Deployability and Scalability},
    journal = {InfoQ},
    year = {2019}
}

@book{vernon2016domain,
    author = {Vernon, V.},
    title = {Domain-Driven Design Distilled},
    publisher = {Addison-Wesley},
    year = {2016}
}

@inproceedings{gan2019open,
    author = {Gan, Y. and Zhang, Y. and Cheng, D. and others},
    title = {An Open-Source Benchmark Suite for Microservices and Their Hardware-Software Implications for Cloud & Edge Systems},
    booktitle = {Proceedings of ASPLOS},
    year = {2019}
}

@article{villamizar2015evaluating,
    author = {Villamizar, M. and Garcés, O. and Castro, H. and others},
    title = {Evaluating the Monolithic and the Microservice Architecture Pattern to Deploy Web Applications in the Cloud},
    journal = {10th Computing Colombian Conference},
    year = {2015}
}

% ===== SECURITY AND SANDBOXING =====

@inproceedings{barth2010protecting,
    author = {Barth, A. and Jackson, C. and Reis, C. and {The Google Chrome Team}},
    title = {The Security Architecture of the Chromium Browser},
    booktitle = {Technical Report},
    year = {2010}
}

@article{provos2007ghost,
    author = {Provos, N. and McNamee, D. and Mavrommatis, P. and Wang, K. and Modadugu, N.},
    title = {The Ghost in the Browser: Analysis of Web-based Malware},
    journal = {HotBots},
    year = {2007}
}

@article{wagner2015compartmentalization,
    author = {Wagner, D. and Shu, R.},
    title = {Compartmentalization in Software: A Survey},
    journal = {ACM Computing Surveys},
    year = {2015}
}

@book{kerrisk2010linux,
    author = {Kerrisk, M.},
    title = {The Linux Programming Interface},
    publisher = {No Starch Press},
    year = {2010}
}

@inproceedings{xavier2013performance,
    author = {Xavier, M. G. and Neves, M. V. and Rossi, F. D. and others},
    title = {Performance Evaluation of Container-based Virtualization for High Performance Computing Environments},
    booktitle = {21st Euromicro International Conference on Parallel, Distributed, and Network-Based Processing},
    year = {2013}
}

@article{lin2018security,
    author = {Lin, X. and Lei, L. and Wang, Y. and others},
    title = {A Measurement Study on Linux Container Security},
    journal = {Annual Computer Security Applications Conference},
    year = {2018}
}

@techreport{google2012sandbox,
    author = {{Google Chrome Team}},
    title = {Sandbox Architecture Documentation},
    institution = {Google},
    year = {2012}
}

@inproceedings{watson2010capsicum,
    author = {Watson, R. N. M. and Anderson, J. and Laurie, B. and Kennaway, K.},
    title = {Capsicum: Practical Capabilities for UNIX},
    booktitle = {USENIX Security Symposium},
    year = {2010}
}

@misc{cloudflare2018workers,
    author = {{Cloudflare}},
    title = {How Workers Works},
    howpublished = {Cloudflare Blog},
    year = {2018}
}

@inproceedings{haas2017bringing,
    author = {Haas, A. and Rossberg, A. and Schuff, D. L. and others},
    title = {Bringing the Web up to Speed with WebAssembly},
    booktitle = {PLDI},
    year = {2017}
}

@misc{fastly2019compute,
    author = {{Fastly}},
    title = {Compute@Edge: Serverless Compute Designed for the Edge},
    howpublished = {Fastly Documentation},
    year = {2019}
}

@misc{zope2021restricted,
    author = {{Zope Foundation}},
    title = {RestrictedPython Documentation},
    howpublished = {ReadTheDocs},
    year = {2021}
}

@misc{pypy2020sandbox,
    author = {{PyPy Team}},
    title = {PyPy Sandboxing},
    howpublished = {PyPy Documentation},
    year = {2020}
}

@article{wang2018securing,
    author = {Wang, Y. and Zhang, X.},
    title = {Securing Python Applications: A Comprehensive Survey},
    journal = {IEEE Security & Privacy},
    year = {2018}
}

@article{cheng2018limiting,
    author = {Cheng, L. and Li, Y.},
    title = {Limiting Resource Usage in Linux with CGroups},
    journal = {Linux Journal},
    year = {2018}
}

@misc{memory2020cgroup,
    author = {{Linux Kernel Documentation}},
    title = {Control Group v2: Memory Controller},
    howpublished = {kernel.org},
    year = {2020}
}

@misc{io2020cgroup,
    author = {{Linux Kernel Documentation}},
    title = {Control Group v2: IO Controller},
    howpublished = {kernel.org},
    year = {2020}
}

@book{love2013linux,
    author = {Love, R.},
    title = {Linux System Programming},
    publisher = {O'Reilly Media},
    edition = {2nd},
    year = {2013}
}

% ===== VIDEO PROCESSING =====

@misc{ffmpeg2021architecture,
    author = {{FFmpeg Team}},
    title = {FFmpeg Architecture Documentation},
    howpublished = {ffmpeg.org},
    year = {2021}
}

@misc{nvidia2021video,
    author = {{NVIDIA}},
    title = {Video Codec SDK Programming Guide},
    howpublished = {NVIDIA Developer Documentation},
    year = {2021}
}

@misc{opencv2021parallel,
    author = {{OpenCV Team}},
    title = {Parallel Processing in OpenCV},
    howpublished = {OpenCV Documentation},
    year = {2021}
}

@inproceedings{carbone2015apache,
    author = {Carbone, P. and Katsifodimos, A. and Ewen, S. and others},
    title = {Apache Flink: Stream and Batch Processing in a Single Engine},
    booktitle = {Bulletin of the IEEE Computer Society Technical Committee on Data Engineering},
    year = {2015}
}

@book{nielsen1993usability,
    author = {Nielsen, J.},
    title = {Usability Engineering},
    publisher = {Academic Press},
    year = {1993}
}

@article{chen2015measuring,
    author = {Chen, K. and Tu, L. and Xie, Y.},
    title = {Measuring and Guaranteeing Quality of Experience for Video Streaming},
    journal = {IEEE Network},
    year = {2015}
}

@article{wang2019adaptive,
    author = {Wang, Z. and Liu, Y.},
    title = {Adaptive Video Processing for Real-time Applications},
    journal = {IEEE Transactions on Circuits and Systems for Video Technology},
    year = {2019}
}

@book{hennessy2019computer,
    author = {Hennessy, J. L. and Patterson, D. A.},
    title = {Computer Architecture: A Quantitative Approach},
    publisher = {Morgan Kaufmann},
    edition = {6th},
    year = {2019}
}

@article{redmon2018yolov3,
    author = {Redmon, J. and Farhadi, A.},
    title = {YOLOv3: An Incremental Improvement},
    journal = {arXiv preprint arXiv:1804.02767},
    year = {2018}
}

@misc{intel2020quicksync,
    author = {{Intel}},
    title = {Intel Quick Sync Video Technology},
    howpublished = {Intel Developer Zone},
    year = {2020}
}

@inproceedings{jacob2018quantization,
    author = {Jacob, B. and others},
    title = {Quantization and Training of Neural Networks for Efficient Integer-Arithmetic-Only Inference},
    booktitle = {CVPR},
    year = {2018}
}

@inproceedings{chung2018serving,
    author = {Chung, E. and others},
    title = {Serving DNNs in Real Time at Datacenter Scale with Project Brainwave},
    booktitle = {IEEE Micro},
    year = {2018}
}

% ===== EXISTING SOLUTIONS =====

@inproceedings{pardo2020moviecuts,
    author = {Pardo, A. and Caba, F. and others},
    title = {MovieCuts: A New Dataset and Benchmark for Cut Type Recognition},
    booktitle = {ECCV},
    year = {2020}
}

@inproceedings{zhang2022filmflow,
    author = {Zhang, Y. and Liu, X.},
    title = {FilmFlow: Optical Flow Analysis for Film Production},
    booktitle = {ACM Multimedia},
    year = {2022}
}

@misc{scripte2021market,
    author = {{ScriptE Systems}},
    title = {Market Analysis Report: Digital Script Supervision Tools},
    howpublished = {ScriptE Corporate},
    year = {2021}
}

@misc{celtx2020review,
    author = {{Production Weekly}},
    title = {Celtx Studio Review: Cloud-Based Pre-Production},
    howpublished = {Production Weekly Magazine},
    year = {2020}
}

@misc{sethero2021api,
    author = {{SetHero}},
    title = {SetHero API Documentation},
    howpublished = {sethero.com},
    year = {2021}
}

@misc{pomfort2021silverstack,
    author = {{Pomfort}},
    title = {Silverstack: On-Set Data Management},
    howpublished = {pomfort.com},
    year = {2021}
}

@misc{ilm2020stagecraft,
    author = {{Industrial Light & Magic}},
    title = {ILM StageCraft: Virtual Production Innovation},
    howpublished = {ILM Technology},
    year = {2020}
}

@misc{adobe2021sensei,
    author = {{Adobe}},
    title = {Adobe Sensei: AI and Machine Learning},
    howpublished = {Adobe Developer},
    year = {2021}
}

@misc{netflix2018vmaf,
    author = {{Netflix}},
    title = {VMAF: The Journey Continues},
    howpublished = {Netflix Tech Blog},
    year = {2018}
}

@misc{secondspectrum2020tracking,
    author = {{Second Spectrum}},
    title = {Real-time Player Tracking Technology},
    howpublished = {Second Spectrum White Paper},
    year = {2020}
}

% ===== COMPUTER VISION =====

@inproceedings{redmon2016yolo,
    author = {Redmon, J. and Divvala, S. and Girshick, R. and Farhadi, A.},
    title = {You Only Look Once: Unified, Real-Time Object Detection},
    booktitle = {Proceedings of the IEEE Conference on Computer Vision and Pattern Recognition},
    pages = {779-788},
    year = {2016}
}

@inproceedings{girshick2014rcnn,
    author = {Girshick, R. and Donahue, J. and Darrell, T. and Malik, J.},
    title = {Rich Feature Hierarchies for Accurate Object Detection and Semantic Segmentation},
    booktitle = {Proceedings of the IEEE Conference on Computer Vision and Pattern Recognition},
    pages = {580-587},
    year = {2014}
}

@inproceedings{carion2020detr,
    author = {Carion, N. and Massa, F. and Synnaeve, G. and Usunier, N. and Kirillov, A. and Zagoruyko, S.},
    title = {End-to-End Object Detection with Transformers},
    booktitle = {European Conference on Computer Vision},
    pages = {213-229},
    year = {2020}
}

@inproceedings{long2015fcn,
    author = {Long, J. and Shelhamer, E. and Darrell, T.},
    title = {Fully Convolutional Networks for Semantic Segmentation},
    booktitle = {Proceedings of the IEEE Conference on Computer Vision and Pattern Recognition},
    pages = {3431-3440},
    year = {2015}
}

@inproceedings{he2017mask,
    author = {He, K. and Gkioxari, G. and Dollar, P. and Girshick, R.},
    title = {Mask R-CNN},
    booktitle = {Proceedings of the IEEE International Conference on Computer Vision},
    pages = {2961-2969},
    year = {2017}
}

@inproceedings{johnson2015image,
    author = {Johnson, J. and Krishna, R. and Stark, M. and Li, L. and Shamma, D. and Bernstein, M. and Fei-Fei, L.},
    title = {Image Retrieval using Scene Graphs},
    booktitle = {Proceedings of the IEEE Conference on Computer Vision and Pattern Recognition},
    pages = {3668-3678},
    year = {2015}
}

@article{horn1981optical,
    author = {Horn, B. K. P. and Schunck, B. G.},
    title = {Determining Optical Flow},
    journal = {Artificial Intelligence},
    volume = {17},
    number = {1-3},
    pages = {185-203},
    year = {1981}
}

@inproceedings{carreira2017quo,
    author = {Carreira, J. and Zisserman, A.},
    title = {Quo Vadis, Action Recognition? A New Model and the Kinetics Dataset},
    booktitle = {Proceedings of the IEEE Conference on Computer Vision and Pattern Recognition},
    pages = {6299-6308},
    year = {2017}
}

@inproceedings{simonyan2014two,
    author = {Simonyan, K. and Zisserman, A.},
    title = {Two-Stream Convolutional Networks for Action Recognition in Videos},
    booktitle = {Advances in Neural Information Processing Systems},
    pages = {568-576},
    year = {2014}
}

% ===== DISTRIBUTED SYSTEMS =====

@book{newman2015building,
    author = {Newman, S.},
    title = {Building Microservices: Designing Fine-Grained Systems},
    publisher = {O'Reilly Media},
    year = {2015}
}

@techreport{fette2011websocket,
    author = {Fette, I. and Melnikov, A.},
    title = {The WebSocket Protocol},
    institution = {Internet Engineering Task Force},
    type = {RFC},
    number = {6455},
    year = {2011}
}

% ===== RELATED WORK IN FILM TECH =====

@inproceedings{chen2019scriptsync,
    author = {Chen, L. and Zhang, Y. and Wang, M.},
    title = {ScriptSync: Deep Learning for Script-to-Screen Alignment},
    booktitle = {Proceedings of the ACM International Conference on Multimedia},
    pages = {1823-1831},
    year = {2019}
}

@article{wang2021continuity,
    author = {Wang, X. and Liu, J. and Chen, K.},
    title = {ContinuityNet: Automated Costume Change Detection in Film Production},
    journal = {IEEE Transactions on Multimedia},
    volume = {23},
    pages = {2145-2157},
    year = {2021}
}

@inproceedings{tapaswi2016movieqa,
    author = {Tapaswi, M. and Zhu, Y. and Stiefelhagen, R. and Torralba, A. and Urtasun, R. and Fidler, S.},
    title = {MovieQA: Understanding Stories in Movies through Question-Answering},
    booktitle = {Proceedings of the IEEE Conference on Computer Vision and Pattern Recognition},
    pages = {4631-4640},
    year = {2016}
}

@article{kahana2020virtual,
    author = {Kahana, A. and Seitz, S. and Kemelmacher-Shlizerman, I.},
    title = {Virtual Production: Real-Time Rendering for Film and Television},
    journal = {Computer Graphics Forum},
    volume = {39},
    number = {2},
    pages = {430-441},
    year = {2020}
}

@inproceedings{wang2018learning,
    author = {Wang, M. and Yang, G. and Li, R. and Liang, R. and Zhang, S. and Hall, P. and Hu, S.},
    title = {Learning to Predict Shot Editing in Professional Films},
    booktitle = {ACM Transactions on Graphics},
    volume = {37},
    number = {4},
    year = {2018}
}

@article{bonneel2013example,
    author = {Bonneel, N. and Sunkavalli, K. and Paris, S. and Pfister, H.},
    title = {Example-Based Video Color Grading},
    journal = {ACM Transactions on Graphics},
    volume = {32},
    number = {4},
    pages = {39:1-39:12},
    year = {2013}
}

% ===== CITATIONS FOR CONTINUITY DETECTION =====

@inproceedings{pickup2014automatic,
    author = {Pickup, L. C. and Wang, Z. and Li, A. and Zisserman, A. and Shawe-Taylor, J.},
    title = {Automatic retrieval of visual continuity errors in movies},
    booktitle = {Proceedings of the 2014 International Conference on Pattern Recognition Applications and Methods},
    pages = {606-615},
    year = {2014}
}

@inproceedings{yang2022clock,
    author = {Yang, C. and Hoai, M. and Zisserman, A.},
    title = {It's About Time: Analog Clock Reading in the Wild},
    booktitle = {Proceedings of the IEEE/CVF Conference on Computer Vision and Pattern Recognition},
    pages = {2643-2652},
    year = {2022}
}

@misc{paddle2024,
    author = {{PaddlePaddle}},
    title = {PaddleOCR: Awesome Multilingual OCR Toolkits},
    howpublished = {\url{https://github.com/PaddlePaddle/PaddleOCR}},
    year = {2024}
}


@inproceedings{changeformer2022,
    author = {Bandara, W. G. C. and Patel, V. M.},
    title = {A Transformer-Based Siamese Network for Change Detection},
    booktitle = {Proceedings of the IEEE International Geoscience and Remote Sensing Symposium},
    pages = {1-4},
    year = {2022}
}

@article{radke2005image,
    author = {Radke, R. J. and Andra, S. and Al-Kofahi, O. and Roysam, B.},
    title = {Image Change Detection Algorithms: A Systematic Survey},
    journal = {IEEE Transactions on Image Processing},
    volume = {14},
    number = {3},
    pages = {294-307},
    year = {2005}
}

@inproceedings{ravacha2008unwrap,
    author = {Rav-Acha, A. and Kohli, P. and Rother, C. and Fitzgibbon, A.},
    title = {Unwrap Mosaics: A New Representation for Video Editing},
    booktitle = {ACM Transactions on Graphics},
    volume = {27},
    number = {3},
    pages = {1-11},
    year = {2008}
}

@inproceedings{tapaswi2015book2movie,
    author = {Tapaswi, M. and Bäuml, M. and Stiefelhagen, R.},
    title = {Book2Movie: Aligning Video Scenes with Book Chapters},
    booktitle = {Proceedings of the IEEE Conference on Computer Vision and Pattern Recognition},
    pages = {1827-1835},
    year = {2015}
}

@inproceedings{gygli2014creating,
    author = {Gygli, M. and Grabner, H. and Riemenschneider, H. and Van Gool, L.},
    title = {Creating Summaries from User Videos},
    booktitle = {European Conference on Computer Vision},
    pages = {505-520},
    year = {2014}
}

% ===== SOFTWARE ENGINEERING =====

@misc{tauri2023,
    author = {{Tauri Foundation}},
    title = {Tauri: Build Smaller, Faster, and More Secure Desktop Applications},
    howpublished = {\url{https://tauri.app}},
    year = {2023}
}

@misc{react2023,
    author = {{Meta Platforms}},
    title = {React: A JavaScript Library for Building User Interfaces},
    howpublished = {\url{https://react.dev}},
    year = {2023}
}

@misc{fastapi2023,
    author = {{Tiangolo, S.}},
    title = {FastAPI: Modern, Fast Web Framework for Building APIs},
    howpublished = {\url{https://fastapi.tiangolo.com}},
    year = {2023}
}